@misc{internetnutzer,
  author       = {L. Rabe}, 
  title        = {Anzahl der Internetnutzer weltweit bis 2022},
  howpublished = {online},
  month        = 1,
  year         = 2023,
  url = {https://de.statista.com/statistik/daten/studie/805920/umfrage/anzahl-der-internetnutzer-weltweit/},
  urldate = {2023-02-11}
}

@misc{nutzungsdauer,
  author       = {L. Rabe}, 
  title        = {Täglichen Onlinezeit},
  howpublished = {online},
  month        = 5,
  year         = 2022,
  url = {https://de.statista.com/statistik/daten/studie/1388/umfrage/taegliche-nutzung-des-internets-in-minuten/},
  urldate = {2023-02-11}
}

@misc{stepstone,
  author       = {Franziska Eckhardt}, 
  title        = {Jobstudie: Wie ticken die Generationen?},
  howpublished = {online},
  month        = 1,
  year         = 2021,
  url = {https://www.stepstone.de/e-recruiting/blog/jobstudie-wie-ticken-die-generationen/},
  urldate = {2023-02-11}
}

@misc{amazon,
  author       = {Laura Melchior}, 
  title        = {Umfrage zum Online Shopping},
  howpublished = {online},
  month        = 10,
  year         = 2019,
  url = {https://www.internetworld.de/plattformen/amazon/80-prozent-deutschen-kaufen-amazon-2206946.html},
  urldate = {2023-02-11}
}

@misc{socialmedia,
  author       = {Kein Autor}, 
  title        = {Zahlen und Fakten zur Social Media-Nutzung},
  howpublished = {online},
  url = {https://www.informationszentrum-mobilfunk.de/artikel/zahlen-und-fakten-zur-social-media-nutzung},
  urldate = {2023-02-11}
}


@misc{smartphonenutzer,
  author       = {F. Tenzer}, 
  title        = {Anzahl der Smartphone-Nutzer},
  howpublished = {online},
  month        = 11,
  year         = 2022,
  url = {https://de.statista.com/statistik/daten/studie/198959/umfrage/anzahl-der-smartphonenutzer-in-deutschland-seit-2010/},
  urldate = {2023-02-11}
}

@misc{google,
  author       = {Ralf Seybold}, 
  title        = {11 Google Fakten, die Sie kennen müssen},
  howpublished = {online},
  month        = 12,
  year         = 2022,
  url = {https://seybold.de/11-google-fakten/},
  urldate = {2023-02-11}
}


@article{article,
  author  = {Peter Adams}, 
  title   = {The title of the work},
  journal = {The name of the journal},
  year    = 1993,
  number  = 2,
  pages   = {201-213},
  month   = 7,
  volume  = 4
}

@book{book,
  author    = {Peter Babington}, 
  title     = {The title of the work},
  publisher = {The name of the publisher},
  year      = 1993,
  volume    = 4,
  series    = 10,
  address   = {The address},
  edition   = 3,
  month     = 7,
  isbn      = {3257227892}
}

@misc{ladezeit,
  author       = {Shaun Anderson}, 
  title        = {How fast should a website load in 2022?},
  howpublished = {online},
  month        = 9,
  year         = 2022,
  url = {https://www.hobo-web.co.uk/your-website-design-should-load-in-4-seconds/},
  urldate = {2023-02-16}
}

@misc{mobileDevices,
  author       = {Josh Howarth}, 
  title        = {Internet Traffic from Mobile Devices (Feb 2023)},
  howpublished = {online},
  month        = 2,
  year         = 2023,
  url = {https://explodingtopics.com/blog/mobile-internet-traffic},
  urldate = {2023-02-16}
}

@misc{fruchtkaramellen,
  author       = {Elisa Britzelmeier}, 
  title        = {Jeder Marketingprofessor würde die Stirn runzeln},
  howpublished = {online},
  month        = 2,
  year         = 2023,
  url = {https://www.sueddeutsche.de/panorama/karneval-bonbon-karamelle-design-fasching-1.5748710},
  urldate = {2023-03-01}
}
